% Bibliography references

@Misc{tensorflow2015-whitepaper,
	title={{TensorFlow}: Large-Scale Machine Learning on Heterogeneous Systems},
	url={http://tensorflow.org/},
	note={Software available from tensorflow.org},
	author={
	    Mart\'{\i}n~Abadi and
	    Ashish~Agarwal and
	    Paul~Barham and
	    Eugene~Brevdo and
	    Zhifeng~Chen and
	    Craig~Citro and
	    Greg~S.~Corrado and
	    Andy~Davis and
	    Jeffrey~Dean and
	    Matthieu~Devin and
	    Sanjay~Ghemawat and
	    Ian~Goodfellow and
	    Andrew~Harp and
	    Geoffrey~Irving and
	    Michael~Isard and
	    Yangqing Jia and
	    Rafal~Jozefowicz and
	    Lukasz~Kaiser and
	    Manjunath~Kudlur and
	    Josh~Levenberg and
	    Dan~Man\'{e} and
	    Rajat~Monga and
	    Sherry~Moore and
	    Derek~Murray and
	    Chris~Olah and
	    Mike~Schuster and
	    Jonathon~Shlens and
	    Benoit~Steiner and
	    Ilya~Sutskever and
	    Kunal~Talwar and
	    Paul~Tucker and
	    Vincent~Vanhoucke and
	    Vijay~Vasudevan and
	    Fernanda~Vi\'{e}gas and
	    Oriol~Vinyals and
	    Pete~Warden and
	    Martin~Wattenberg and
	    Martin~Wicke and
	    Yuan~Yu and
	    Xiaoqiang~Zheng},
  	year={2015},
  	howpublished = {\url{http://tensorflow.org/}}
}

@Misc{RNA,
	title={Artificial Neural network },
	note={},
	url={https://en.wikipedia.org/wiki/Artificial_neural_network},
	author={Wikipedia},
  	year={},
  	howpublished = {\url{https://en.wikipedia.org/wiki/Artificial_neural_network}}
}

@Misc{loss_function,
	title={Loss Function},
	note={},
	url={https://en.wikipedia.org/wiki/Loss_function},
	author={Wikipedia},
  	year={},
  	howpublished = {\url{https://en.wikipedia.org/wiki/Loss_function}}
}

@Misc{activation_function,
	title={Activation Function},
	note={},
	url={https://en.wikipedia.org/wiki/Activation_function},
	author={Wikipedia},
  	year={},
  	howpublished = {\url{https://en.wikipedia.org/wiki/Activation_function}}
}

@Misc{sigmoid,
	title={Activation Function},
	note={},
	url={https://en.wikipedia.org/wiki/Sigmoid_function},
	author={Wikipedia},
  	year={},
  	howpublished = {\url{https://en.wikipedia.org/wiki/Sigmoid_function}}
}

@Misc{softmax,
	title={Activation Function},
	note={},
	url={https://en.wikipedia.org/wiki/Softmax_function},
	author={Wikipedia},
  	year={},
  	howpublished = {\url{https://en.wikipedia.org/wiki/Softmax_function}}
}

@Misc{RNC,
	title={Convolutional Neural Network},
	note={},
	url={https://en.wikipedia.org/wiki/Convolutional_neural_network},
	author={Wikipedia},
  	year={},
  	howpublished = {\url{https://en.wikipedia.org/wiki/Convolutional_neural_network}}
}

@Misc{gabriel_munoz,
	title={Gabriel Muñoz Ríos},
	note={},
	url={https://es.linkedin.com/in/gabrielmunozrios},
  	howpublished = {\url{https://es.linkedin.com/in/gabrielmunozrios}}
}